<?xml version="1.0" encoding="UTF-8"?><record xmlns="http://www.loc.gov/MARC21/slim" xmlns:cinclude="http://apache.org/cocoon/include/1.0" xmlns:zs="http://www.loc.gov/zing/srw/">
  <leader>01055cz  a2200205n  4500</leader>
  <controlfield tag="001">n 2007090949</controlfield>
  <controlfield tag="003">DLC</controlfield>
  <controlfield tag="005">20080914080851.0</controlfield>
  <controlfield tag="008">071227n| acannaabn          |b aaa      </controlfield>
  <datafield tag="010" ind1=" " ind2=" ">
    <subfield code="a">n 2007090949</subfield>
  </datafield>
  <datafield tag="035" ind1=" " ind2=" ">
    <subfield code="a">(OCoLC)oca07616471</subfield>
  </datafield>
  <datafield tag="040" ind1=" " ind2=" ">
    <subfield code="a">DLC</subfield>
    <subfield code="b">eng</subfield>
    <subfield code="c">DLC</subfield>
    <subfield code="d">OCoLC</subfield>
  </datafield>
  <datafield tag="100" ind1="1" ind2=" ">
    <subfield code="a">Chʻoe, Tʻae-yŏng,</subfield>
    <subfield code="d">1972-</subfield>
  </datafield>
  <datafield tag="400" ind1="1" ind2=" ">
    <subfield code="a">Choi, Tae Young,</subfield>
    <subfield code="d">1972-</subfield>
  </datafield>
  <datafield tag="400" ind1="1" ind2=" ">
    <subfield code="a">최 태영,</subfield>
    <subfield code="d">1972-</subfield>
  </datafield>
  <datafield tag="400" ind1="1" ind2=" ">
    <subfield code="a">최태영,</subfield>
    <subfield code="d">1972-</subfield>
  </datafield>
  <datafield tag="667" ind1=" " ind2=" ">
    <subfield code="a">Machine-derived non-Latin script reference project.</subfield>
  </datafield>
  <datafield tag="667" ind1=" " ind2=" ">
    <subfield code="a">Non-Latin script references not evaluated.</subfield>
  </datafield>
  <datafield tag="670" ind1=" " ind2=" ">
    <subfield code="a">Tongbuga munhwa kongdongchʻe ŭi Tong Asia chiyŏk hwaktae rŭl wihan Tongnam Asia chŏngchʻi sahoe munhwa inpʻŭra yŏnʼgu, 2005:</subfield>
    <subfield code="b">t.p. (Chʻoe Tʻae-yŏng) front flap (kyŏngyŏnghak sŏksa, University of New South Wales; researcher, Han-Ho Asia Yŏnʼguso (KAREC))</subfield>
  </datafield>
  <datafield tag="670" ind1=" " ind2=" ">
    <subfield code="a">Korea Research Foundation WWW Home Page, Dec. 27, 2007</subfield>
    <subfield code="b">(Chʻoe Tʻae-yŏng; Choi, Tae Young [in rom.]; b. May 30, 1972; chuim yŏnʼguwŏn, Kukche Kyŏngyŏng Taehagwŏn, University of New South Wales)</subfield>
  </datafield>
</record>